<?xml version="1.0" encoding="UTF-8"?>
  <record xmlns="http://www.loc.gov/MARC21/slim" type="Authority">
    <leader>00000nz  a2200000nc 4500</leader>
    <controlfield tag="001">121009351</controlfield>
    <controlfield tag="003">DE-101</controlfield>
    <controlfield tag="005">20220330003443.0</controlfield>
    <controlfield tag="008">990416n||azznnaabn           | aaa    |c</controlfield>
    <datafield tag="024" ind1="7" ind2=" ">
      <subfield code="a">121009351</subfield>
      <subfield code="0">http://d-nb.info/gnd/121009351</subfield>
      <subfield code="2">gnd</subfield>
    </datafield>
    <datafield tag="024" ind1="7" ind2=" ">
      <subfield code="a">000000006658736X</subfield>
      <subfield code="2">isni</subfield>
    </datafield>
    <datafield tag="035" ind1=" " ind2=" ">
      <subfield code="a">(DE-101)121009351</subfield>
    </datafield>
    <datafield tag="035" ind1=" " ind2=" ">
      <subfield code="a">(DE-588)121009351</subfield>
    </datafield>
    <datafield tag="035" ind1=" " ind2=" ">
      <subfield code="z">(DE-588)115911532X</subfield>
    </datafield>
    <datafield tag="035" ind1=" " ind2=" ">
      <subfield code="z">(DE-588)1059410958</subfield>
    </datafield>
    <datafield tag="035" ind1=" " ind2=" ">
      <subfield code="z">(DE-588a)121009351</subfield>
      <subfield code="9">v:zg</subfield>
    </datafield>
    <datafield tag="035" ind1=" " ind2=" ">
      <subfield code="z">(DE-588c)4721926-9</subfield>
      <subfield code="9">v:zg</subfield>
    </datafield>
    <datafield tag="040" ind1=" " ind2=" ">
      <subfield code="a">DE-12</subfield>
      <subfield code="c">DE-12</subfield>
      <subfield code="9">r:DE-12</subfield>
      <subfield code="b">ger</subfield>
      <subfield code="d">9999</subfield>
    </datafield>
    <datafield tag="042" ind1=" " ind2=" ">
      <subfield code="a">gnd1</subfield>
    </datafield>
    <datafield tag="043" ind1=" " ind2=" ">
      <subfield code="c">XA-DE</subfield>
      <subfield code="c">XA-FR</subfield>
      <subfield code="c">XA-GB</subfield>
    </datafield>
    <datafield tag="065" ind1=" " ind2=" ">
      <subfield code="a">8.4p</subfield>
      <subfield code="2">sswd</subfield>
    </datafield>
    <datafield tag="065" ind1=" " ind2=" ">
      <subfield code="a">16.5p</subfield>
      <subfield code="2">sswd</subfield>
    </datafield>
    <datafield tag="075" ind1=" " ind2=" ">
      <subfield code="b">p</subfield>
      <subfield code="2">gndgen</subfield>
    </datafield>
    <datafield tag="075" ind1=" " ind2=" ">
      <subfield code="b">piz</subfield>
      <subfield code="2">gndspec</subfield>
    </datafield>
    <datafield tag="079" ind1=" " ind2=" ">
      <subfield code="a">g</subfield>
      <subfield code="q">a</subfield>
      <subfield code="q">f</subfield>
      <subfield code="q">s</subfield>
      <subfield code="u">v</subfield>
      <subfield code="u">w</subfield>
    </datafield>
    <datafield tag="100" ind1="1" ind2=" ">
      <subfield code="a">Schomberg, Friedrich Hermann &#152;von&#156;</subfield>
      <subfield code="d">1615-1690</subfield>
    </datafield>
    <datafield tag="375" ind1=" " ind2=" ">
      <subfield code="a">1</subfield>
      <subfield code="2">iso5218</subfield>
    </datafield>
    <datafield tag="400" ind1="1" ind2=" ">
      <subfield code="a">Schönberg, Friedrich Hermann &#152;von&#156;</subfield>
      <subfield code="d">1615-1690</subfield>
    </datafield>
    <datafield tag="400" ind1="1" ind2=" ">
      <subfield code="a">Schonberg, Frederick</subfield>
      <subfield code="d">1615-1690</subfield>
    </datafield>
    <datafield tag="400" ind1="1" ind2=" ">
      <subfield code="a">Schomberg, Frédéric &#152;de&#156;</subfield>
      <subfield code="d">1615-1690</subfield>
    </datafield>
    <datafield tag="400" ind1="1" ind2=" ">
      <subfield code="a">Schomberg, Frederick</subfield>
      <subfield code="d">1615-1690</subfield>
    </datafield>
    <datafield tag="400" ind1="0" ind2=" ">
      <subfield code="a">Friderich</subfield>
      <subfield code="c">Schomberg, Herzog</subfield>
      <subfield code="d">1615-1690</subfield>
    </datafield>
    <datafield tag="400" ind1="0" ind2=" ">
      <subfield code="a">Friedrich</subfield>
      <subfield code="c">Schomberg, Herzog</subfield>
      <subfield code="d">1615-1690</subfield>
    </datafield>
    <datafield tag="400" ind1="0" ind2=" ">
      <subfield code="a">Frederick</subfield>
      <subfield code="c">of Schonberg</subfield>
      <subfield code="d">1615-1690</subfield>
    </datafield>
    <datafield tag="400" ind1="0" ind2=" ">
      <subfield code="a">Frederick</subfield>
      <subfield code="c">Schonberg, Duke</subfield>
      <subfield code="d">1615-1690</subfield>
    </datafield>
    <datafield tag="400" ind1="1" ind2=" ">
      <subfield code="a">Schonberg, Frederic &#152;de&#156;</subfield>
      <subfield code="d">1615-1690</subfield>
    </datafield>
    <datafield tag="400" ind1="1" ind2=" ">
      <subfield code="a">Schonberg, Friedrich &#152;von&#156;</subfield>
      <subfield code="d">1615-1690</subfield>
    </datafield>
    <datafield tag="400" ind1="1" ind2=" ">
      <subfield code="a">Schonberg, Frederick &#152;of&#156;</subfield>
      <subfield code="d">1615-1690</subfield>
    </datafield>
    <datafield tag="400" ind1="1" ind2=" ">
      <subfield code="a">Schomberg, Frédéric Armand &#152;de&#156;</subfield>
      <subfield code="d">1615-1690</subfield>
    </datafield>
    <datafield tag="400" ind1="1" ind2=" ">
      <subfield code="a">Schönberg, Frederick Herman of Schomberg</subfield>
      <subfield code="d">1615-1690</subfield>
    </datafield>
    <datafield tag="400" ind1="1" ind2=" ">
      <subfield code="a">Schönberg, Friedrich Herman of Schomberg</subfield>
      <subfield code="d">1615-1690</subfield>
    </datafield>
    <datafield tag="400" ind1="1" ind2=" ">
      <subfield code="a">Schomberg, Armand Frederick &#152;of&#156;</subfield>
      <subfield code="d">1615-1690</subfield>
    </datafield>
    <datafield tag="400" ind1="1" ind2=" ">
      <subfield code="a">Brentford, Friedrich Hermann &#152;of&#156;</subfield>
      <subfield code="d">1615-1690</subfield>
    </datafield>
    <datafield tag="400" ind1="1" ind2=" ">
      <subfield code="a">Brentford, Frederick Herman &#152;of&#156;</subfield>
      <subfield code="d">1615-1690</subfield>
    </datafield>
    <datafield tag="400" ind1="1" ind2=" ">
      <subfield code="a">Teyes, Friedrich Hermann &#152;of&#156;</subfield>
      <subfield code="d">1615-1690</subfield>
    </datafield>
    <datafield tag="400" ind1="1" ind2=" ">
      <subfield code="a">Teyes, Frederick Herman &#152;of&#156;</subfield>
      <subfield code="d">1615-1690</subfield>
    </datafield>
    <datafield tag="400" ind1="1" ind2=" ">
      <subfield code="a">Harwich, Friedrich Hermann &#152;of&#156;</subfield>
      <subfield code="d">1615-1690</subfield>
    </datafield>
    <datafield tag="400" ind1="1" ind2=" ">
      <subfield code="a">Harwich, Frederick Herman &#152;of&#156;</subfield>
      <subfield code="d">1615-1690</subfield>
    </datafield>
    <datafield tag="400" ind1="0" ind2=" ">
      <subfield code="a">Friedrich &#152;von Schomberg&#156;</subfield>
      <subfield code="d">1615-1690</subfield>
    </datafield>
    <datafield tag="548" ind1=" " ind2=" ">
      <subfield code="a">1615-1690</subfield>
      <subfield code="4">datl</subfield>
      <subfield code="4">https://d-nb.info/standards/elementset/gnd#dateOfBirthAndDeath</subfield>
      <subfield code="w">r</subfield>
      <subfield code="i">Lebensdaten</subfield>
    </datafield>
    <datafield tag="548" ind1=" " ind2=" ">
      <subfield code="a">XX.12.1615-11.07.1690</subfield>
      <subfield code="4">datx</subfield>
      <subfield code="4">https://d-nb.info/standards/elementset/gnd#dateOfBirthAndDeath</subfield>
      <subfield code="w">r</subfield>
      <subfield code="i">Exakte Lebensdaten</subfield>
    </datafield>
    <datafield tag="550" ind1=" " ind2=" ">
      <subfield code="0">(DE-101)04132742X</subfield>
      <subfield code="0">(DE-588)4132742-1</subfield>
      <subfield code="0">https://d-nb.info/gnd/4132742-1</subfield>
      <subfield code="a">General</subfield>
      <subfield code="4">berc</subfield>
      <subfield code="4">https://d-nb.info/standards/elementset/gnd#professionOrOccupation</subfield>
      <subfield code="w">r</subfield>
      <subfield code="i">Charakteristischer Beruf</subfield>
    </datafield>
    <datafield tag="550" ind1=" " ind2=" ">
      <subfield code="0">(DE-101)040217787</subfield>
      <subfield code="0">(DE-588)4021778-4</subfield>
      <subfield code="0">https://d-nb.info/gnd/4021778-4</subfield>
      <subfield code="a">Graf</subfield>
      <subfield code="4">adel</subfield>
      <subfield code="4">https://d-nb.info/standards/elementset/gnd#titleOfNobility</subfield>
      <subfield code="w">r</subfield>
      <subfield code="i">Adelstitel</subfield>
    </datafield>
    <datafield tag="550" ind1=" " ind2=" ">
      <subfield code="0">(DE-101)040004643</subfield>
      <subfield code="0">(DE-588)4000464-8</subfield>
      <subfield code="0">https://d-nb.info/gnd/4000464-8</subfield>
      <subfield code="a">Adel</subfield>
      <subfield code="4">obin</subfield>
      <subfield code="4">https://d-nb.info/standards/elementset/gnd#broaderTermInstantial</subfield>
      <subfield code="w">r</subfield>
      <subfield code="i">Oberbegriff instantiell</subfield>
    </datafield>
    <datafield tag="551" ind1=" " ind2=" ">
      <subfield code="0">(DE-101)040239969</subfield>
      <subfield code="0">(DE-588)4023996-2</subfield>
      <subfield code="0">https://d-nb.info/gnd/4023996-2</subfield>
      <subfield code="a">Heidelberg</subfield>
      <subfield code="4">ortg</subfield>
      <subfield code="4">https://d-nb.info/standards/elementset/gnd#placeOfBirth</subfield>
      <subfield code="w">r</subfield>
      <subfield code="i">Geburtsort</subfield>
    </datafield>
    <datafield tag="551" ind1=" " ind2=" ">
      <subfield code="0">(DE-101)040276678</subfield>
      <subfield code="0">(DE-588)4027667-3</subfield>
      <subfield code="0">https://d-nb.info/gnd/4027667-3</subfield>
      <subfield code="a">Irland</subfield>
      <subfield code="4">orts</subfield>
      <subfield code="4">https://d-nb.info/standards/elementset/gnd#placeOfDeath</subfield>
      <subfield code="w">r</subfield>
      <subfield code="i">Sterbeort</subfield>
    </datafield>
    <datafield tag="667" ind1=" " ind2=" ">
      <subfield code="a">12</subfield>
    </datafield>
    <datafield tag="667" ind1=" " ind2=" ">
      <subfield code="a">VD-17</subfield>
    </datafield>
    <datafield tag="667" ind1=" " ind2=" ">
      <subfield code="a">LABI-BW-WLB</subfield>
    </datafield>
    <datafield tag="670" ind1=" " ind2=" ">
      <subfield code="a">Wikipedia</subfield>
      <subfield code="b">Stand: 28.03.2022</subfield>
      <subfield code="u">http://de.wikipedia.org/wiki/Friedrich_von_Schomberg</subfield>
    </datafield>
    <datafield tag="672" ind1=" " ind2="0">
      <subfield code="a">Articles of war agreed on</subfield>
      <subfield code="f">1690</subfield>
    </datafield>
    <datafield tag="672" ind1=" " ind2="0">
      <subfield code="a">A third proclamation</subfield>
      <subfield code="f">1689</subfield>
    </datafield>
    <datafield tag="672" ind1=" " ind2="0">
      <subfield code="a">An order published by the command of Frederick Schomberg</subfield>
      <subfield code="f">1689</subfield>
    </datafield>
    <datafield tag="672" ind1=" " ind2="0">
      <subfield code="a">Lob-Rede des Weyland Friederich Hertzog von Schomberg etc. ...</subfield>
      <subfield code="f">[ca. 1690]</subfield>
    </datafield>
    <datafield tag="672" ind1=" " ind2="0">
      <subfield code="a">&#152;A&#156; continuation of the impartial history of the wars of Ireland, from the time that Duke Schonberg landed with an army in that Kingdom, to the 23rd ...</subfield>
      <subfield code="f">1693</subfield>
    </datafield>
    <datafield tag="678" ind1=" " ind2=" ">
      <subfield code="b">Feldherr; geb. Ende Dezember 1615 in Deutschland; ab 1633 in Diensten des Friedrich Heinrich von Oranien, später auf Seiten der Schweden im Dreißigjährigen Krieg; 1650-1685 in französischen Diensten; ging 1688 nach England (lt. LCAuth dort Naturalisation); starb in der Schlacht am Boyne (Irland)</subfield>
    </datafield>
    <datafield tag="913" ind1=" " ind2=" ">
      <subfield code="S">pnd</subfield>
      <subfield code="i">a</subfield>
      <subfield code="a">Schomberg, Friedrich Hermann /von</subfield>
      <subfield code="0">(DE-588a)121009351</subfield>
    </datafield>
  </record>
